@article{PhysRevE.103.012138,
    title = {Fractal dimension of diffusion-limited aggregation clusters grown on spherical surfaces},
    author = {Tenti, J. M. and Hern\'andez Guiance, S. N. and Irurzun, I. M.},
    journal = {Phys. Rev. E},
    volume = {103},
    issue = {1},
    pages = {012138},
    numpages = {6},
    year = {2021},
    month = {Jan},
    publisher = {American Physical Society},
    doi = {10.1103/PhysRevE.103.012138},
    url = {https://link.aps.org/doi/10.1103/PhysRevE.103.012138}
}

@article{SALCEDOSANZ2019592,
  title = {Hybrid L-systems–Diffusion Limited Aggregation schemes},
  journal = {Physica A: Statistical Mechanics and its Applications},
  volume = {514},
  pages = {592-605},
  year = {2019},
  issn = {0378-4371},
  doi = {https://doi.org/10.1016/j.physa.2018.09.127},
  url = {https://www.sciencedirect.com/science/article/pii/S0378437118312676},
  author = {S. Salcedo-Sanz and L. Cuadra},
  keywords = {L-Systems, Diffusion Limited Aggregation, Non-equilibrium growth models, Hybrid schemes},
}

@article{IRURZUN20021333,
  title = {Dielectric breakdown in solids modeled by DBM and DLA},
  journal = {Chaos, Solitons & Fractals},
  volume = {13},
  number = {6},
  pages = {1333-1343},
  year = {2002},
  issn = {0960-0779},
  doi = {https://doi.org/10.1016/S0960-0779(01)00142-4},
  url = {https://www.sciencedirect.com/science/article/pii/S0960077901001424},
  author = {I.M Irurzun and P Bergero and V Mola and M.C Cordero and J.L Vicente and E.E Mola},
}

@article{PhysRevLett.47.1400,
    title = {Diffusion-Limited Aggregation, a Kinetic Critical Phenomenon},
    author = {Witten, T. A. and Sander, L. M.},
    journal = {Phys. Rev. Lett.},
    volume = {47},
    issue = {19},
    pages = {1400--1403},
    numpages = {0},
    year = {1981},
    month = {Nov},
    publisher = {American Physical Society},
    doi = {10.1103/PhysRevLett.47.1400},
    url = {https://link.aps.org/doi/10.1103/PhysRevLett.47.1400}
}


@article{Boyd_1994,
author = {Boyd, P. and Mindlin, G. and Robert, G. and Hernán, S.},
year = {1994},
month = {09},
pages = {},
title = {Topological analysis of chaotic orbits: Revisiting Hyperion},
volume = {431},
journal = {The Astrophysical Journal},
doi = {10.1086/174496}
}

@article{Giuseppe_1966,
       author = {{Colombo}, Giuseppe and {Shapiro}, Irwin I.},
        title = "{The Rotation of the Planet Mercury}",
      journal = {Astrophysics Journal},
         year = {1966},
        month = {jul},
       volume = {145},
        pages = {296},
          doi = {10.1086/148762},
       adsurl = {https://ui.adsabs.harvard.edu/abs/1966ApJ...145..296C},
      adsnote = {Provided by the SAO/NASA Astrophysics Data System}
}

@article{Dana_1990,
  title = {Organization of chaos in area-preserving maps},
  author = {Dana, Itzhack},
  journal = {Phys. Rev. Lett.},
  volume = {64},
  issue = {20},
  pages = {2339--2342},
  numpages = {0},
  year = {1990},
  month = {May},
  publisher = {American Physical Society},
  doi = {10.1103/PhysRevLett.64.2339},
  url = {https://link.aps.org/doi/10.1103/PhysRevLett.64.2339}
}

@online{NASA_Hyperion,
author = {NASA},
year = {2019},
title = {Hyperion in depth},
url = {https://solarsystem.nasa.gov/moons/saturn-moons/hyperion/in-depth/},
note = {Available from https://solarsystem.nasa.gov/moons/saturn-moons/hyperion/in-depth/ [Accessed 16 December 2021]}
}

@article{Wisdom_1984,
  title={The chaotic rotation of Hyperion},
  author={Wisdom, J. and Peale, S. J. and Mignard, F.},
  journal={Icarus},
  year={1984},
  volume={58},
  pages={137-152}
}

@article{Binzel_1986,
  title = {Chaotic rotation of Hyperion?},
  author = {Binzel, R. P. and Green, J. R. and Opal, C. B.},
  year = {1986},
  journal = {Nature},
  volume = {320},
  issue = {511},
  pages = {1476-4687},
  url = {https://doi.org/10.1038/320511a0},
  doi = {10.1038/320511a0}
}

@article{Klavetter_1989,
       author = {{Klavetter}, J.~J.},
        title = "{Rotation of Hyperion. I. Observations}",
      journal = {Astronomical Journal},
     keywords = {Hyperion, Planetary Rotation, Satellite Rotation, Brightness Distribution, Charge Coupled Devices, Least Squares Method, Light Curve, SATURN, SATELLITES, HYPERION, ROTATION, SIMULATIONS, CCD METHODS, PERIOD, EARTH-BASED OBSERVATIONS, ASTRONOMY, LIGHTCURVES, DATA, ANALYSIS, MODELS, Astronomy; Satellites of Saturn, PLANETS: SATELLITES},
         year = {1989},
        month = {feb},
       volume = {97},
        pages = {570},
          doi = {10.1086/115006},
       adsurl = {https://ui.adsabs.harvard.edu/abs/1989AJ.....97..570K},
      adsnote = {Provided by the SAO/NASA Astrophysics Data System}
}
